% This file was created with JabRef 2.7.2.
% Encoding: Cp1252

@ARTICLE{adams2007camera,
  author = {Adams, J.A. and Cooper, J.L. and Goodrich, M.A. and Humphrey, C.
	and Quigley, M. and Buss, B.G. and Morse, B.S.},
  title = {Camera-equipped mini UAVs for wilderness search support: Task analysis
	and lessons from field trials},
  journal = {Journal of Field Robotics},
  year = {2007},
  volume = {25},
  number = {1-2},
  owner = {TJ-ASUS},
  timestamp = {2011.12.01}
}

@ARTICLE{adams2009cognitive,
  author = {Adams, J.A. and Humphrey, C.M. and Goodrich, M.A. and Cooper, J.L.
	and Morse, B.S. and Engh, C. and Rasmussen, N.},
  title = {Cognitive task analysis for developing unmanned aerial vehicle wilderness
	search support},
  journal = {Journal of cognitive engineering and decision making},
  year = {2009},
  volume = {3},
  pages = {1},
  number = {1},
  owner = {TJ-ASUS},
  publisher = {SAGE Publications},
  timestamp = {2011.12.01}
}

@INPROCEEDINGS{almurib2011control,
  author = {Almurib, H.A.F. and Nathan, P.T. and Kumar, T.N.},
  title = {Control and path planning of quadrotor aerial vehicles for search
	and rescue},
  booktitle = {SICE Annual Conference (SICE), 2011 Proceedings of},
  year = {2011},
  pages = {700--705},
  organization = {IEEE},
  owner = {TJ-ASUS},
  timestamp = {2011.12.01}
}

@UNPUBLISHED{thornton2011detection,
  author = {Bryan S. Morse, Daniel Thornton, Michael A. Goodrich},
  title = {Color Anomaly Detection and Suggestion for Wilderness Search and
	Rescue},
  note = {2011},
  owner = {TJ-ASUS},
  timestamp = {2012.01.24}
}

@ARTICLE{casper2003human,
  author = {Casper, J. and Murphy, R.R.},
  title = {Human-robot interactions during the robot-assisted urban search and
	rescue response at the world trade center},
  journal = {Systems, Man, and Cybernetics, Part B: Cybernetics, IEEE Transactions
	on},
  year = {2003},
  volume = {33},
  pages = {367--385},
  number = {3},
  owner = {TJ-ASUS},
  publisher = {IEEE},
  timestamp = {2012.01.04}
}

@PHDTHESIS{cluff2009unified,
  author = {Cluff, S.T.},
  title = {A Unified Approach to GPU-Accelerated Aerial Video Enhancement Techniques},
  school = {Brigham Young University},
  year = {2009},
  owner = {TJ-ASUS},
  timestamp = {2011.12.01}
}

@TECHREPORT{cooper2007supporting,
  author = {Cooper, J.L.},
  title = {Supporting flight control for UAV-assisted wilderness search and
	rescue through human centered interface design},
  institution = {DTIC Document},
  year = {2007},
  owner = {TJ-ASUS},
  timestamp = {2011.12.01}
}

@INPROCEEDINGS{cooper2008towards,
  author = {Cooper, J. and Goodrich, M.A.},
  title = {Towards combining UAV and sensor operator roles in UAV-enabled visual
	search},
  booktitle = {Proceedings of the 3rd ACM/IEEE international conference on Human
	robot interaction},
  year = {2008},
  pages = {351--358},
  organization = {ACM},
  owner = {TJ-ASUS},
  timestamp = {2011.12.01}
}

@INPROCEEDINGS{cooper2006integrating,
  author = {Cooper, J.L. and Goodrich, M.A.},
  title = {Integrating critical interface elements for intuitive single-display
	aviation control of UAVs},
  booktitle = {Proceedings of SPIE},
  year = {2006},
  volume = {6226},
  pages = {62260B},
  organization = {Citeseer},
  owner = {TJ-ASUS},
  timestamp = {2011.12.01}
}

@BOOK{endres2003handbook,
  title = {A handbook of software and systems engineering: empirical observations,
	laws and theories},
  publisher = {Addison-Wesley},
  year = {2003},
  author = {Endres, A. and Rombach, H.D.},
  owner = {TJ-ASUS},
  timestamp = {2012.09.04}
}

@PHDTHESIS{engh2008see,
  author = {Engh, C.H.},
  title = {A see-ability metric to improve mini unmanned aerial vehicle operator
	awareness using video georegistered to terrain models},
  school = {Brigham Young University},
  year = {2008},
  owner = {TJ-ASUS},
  timestamp = {2011.12.01}
}

@INPROCEEDINGS{goodrich2007using,
  author = {Goodrich, M.A. and Cooper, J.L. and Adams, J.A. and Humphrey, C.
	and Zeeman, R. and Buss, B.G.},
  title = {Using a mini-UAV to support wilderness search and rescue: Practices
	for human-robot teaming},
  booktitle = {Safety, Security and Rescue Robotics, 2007. SSRR 2007. IEEE International
	Workshop on},
  year = {2007},
  pages = {1--6},
  organization = {IEEE},
  owner = {TJ-ASUS},
  timestamp = {2011.12.01}
}

@ARTICLE{goodrich2009towards,
  author = {Goodrich, M.A. and Morse, B.S. and Engh, C. and Cooper, J.L. and
	Adams, J.A.},
  title = {Towards using Unmanned Aerial Vehicles (UAVs) in Wilderness Search
	and Rescue: Lessons from field trials},
  journal = {Interaction Studies},
  year = {2009},
  volume = {10},
  pages = {453--478},
  number = {3},
  owner = {TJ-ASUS},
  publisher = {John Benjamins Publishing Company},
  timestamp = {2011.12.01}
}

@ARTICLE{goodrich2008supporting,
  author = {Goodrich, M.A. and Morse, B.S. and Gerhardt, D. and Cooper, J.L.
	and Quigley, M. and Adams, J.A. and Humphrey, C.},
  title = {Supporting wilderness search and rescue using a camera-equipped mini
	UAV},
  journal = {Journal of Field Robotics},
  year = {2008},
  volume = {25},
  pages = {89--110},
  number = {1-2},
  owner = {TJ-ASUS},
  publisher = {Wiley Online Library},
  timestamp = {2011.12.01}
}

@ARTICLE{goodrichcamera,
  author = {Goodrich, M.A. and Morse, B.S. and Gerhardt, D. and Cooper, J.L.
	and Quigley, M. and Humphrey, C. and Adams, J.A.},
  title = {Camera-Equipped Mini UAVs for Wilderness Search Support},
  owner = {TJ-ASUS},
  timestamp = {2011.12.01}
}

@INPROCEEDINGS{humphrey2009human,
  author = {Humphrey, C.M. and Motter, S.R. and Adams, J.A. and Gonyea, M.},
  title = {A human eye like perspective for remote vision},
  booktitle = {Systems, Man and Cybernetics, 2009. SMC 2009. IEEE International
	Conference on},
  year = {2009},
  pages = {1650--1655},
  organization = {IEEE},
  owner = {TJ-ASUS},
  timestamp = {2011.12.01}
}

@BOOK{koester2008lostpersons,
  title = {Lost Person Behavior: A Search and Rescue Guide on Where to Look
	- for Land, Air and Water},
  publisher = {dbS Productions Charlottesville, Virginia},
  year = {2008},
  author = {Robert J. Koester},
  owner = {TJ-ASUS},
  timestamp = {2011.12.19}
}

@ARTICLE{lin2009bayesian,
  author = {Lin, L. and Goodrich, M.A.},
  title = {A Bayesian approach to modeling lost person behaviors based on terrain
	features in Wilderness Search and Rescue},
  journal = {Computational \& Mathematical Organization Theory},
  year = {2009},
  pages = {1--24},
  owner = {TJ-ASUS},
  publisher = {Springer},
  timestamp = {2011.12.01}
}

@INPROCEEDINGS{lin2009uav,
  author = {Lin, L. and Goodrich, M.A.},
  title = {UAV intelligent path planning for wilderness search and rescue},
  booktitle = {Intelligent Robots and Systems, 2009. IROS 2009. IEEE/RSJ International
	Conference on},
  year = {2009},
  pages = {709--714},
  organization = {IEEE},
  owner = {TJ-ASUS},
  timestamp = {2011.12.01}
}

@INPROCEEDINGS{lin2010supporting,
  author = {Lin, L. and Roscheck, M. and Goodrich, M.A. and Morse, B.S.},
  title = {Supporting Wilderness Search and Rescue with Integrated Intelligence:
	Autonomy and Information at the Right Time and the Right Place},
  booktitle = {Twenty-Fourth AAAI Conference on Artificial Intelligence},
  year = {2010},
  owner = {TJ-ASUS},
  timestamp = {2011.12.01}
}

@INPROCEEDINGS{morse2010coverage,
 author = {Morse, Bryan S. and Engh, Cameron H. and Goodrich, Michael A.},
 title = {{UAV} video coverage quality maps and prioritized indexing for wilderness search and rescue},
 booktitle = {Proceedings of the 5th ACM/IEEE international conference on Human-robot interaction},
 series = {HRI '10},
 year = {2010},
 isbn = {978-1-4244-4893-7},
 location = {Osaka, Japan},
 pages = {227--234},
 numpages = {8},
 url = {http://doi.acm.org/10.1145/1734454.1734548},
 doi = {http://doi.acm.org/10.1145/1734454.1734548},
 acmid = {1734548},
 publisher = {ACM},
 address = {New York, NY, USA},
 keywords = {coverage quality maps, unmanned aerial vehicles, video indexing, wilderness search and rescue},
} 

@INPROCEEDINGS{morse2008application,
  author = {Morse, B.S. and Gerhardt, D. and Engh, C. and Goodrich, M.A. and
	Rasmussen, N. and Thornton, D. and Eggett, D.},
  title = {Application and evaluation of spatiotemporal enhancement of live
	aerial video using temporally local mosaics},
  booktitle = {Computer Vision and Pattern Recognition, 2008. CVPR 2008. IEEE Conference
	on},
  year = {2008},
  pages = {1--8},
  organization = {IEEE},
  owner = {TJ-ASUS},
  timestamp = {2011.12.01}
}

@INPROCEEDINGS{peschel2011mission,
  author = {Peschel, J.M. and Murphy, R.R.},
  title = {Mission specialist interfaces in unmanned aerial systems},
  booktitle = {Proceedings of the 6th international conference on Human-robot interaction},
  year = {2011},
  pages = {225--226},
  organization = {ACM},
  owner = {TJ-ASUS},
  timestamp = {2011.12.01}
}

@INPROCEEDINGS{quigley2004semi,
  author = {Quigley, M. and Goodrich, M.A. and Beard, R.W.},
  title = {Semi-autonomous human-UAV interfaces for fixed-wing mini-UAVs},
  booktitle = {Intelligent Robots and Systems, 2004.(IROS 2004). Proceedings. 2004
	IEEE/RSJ International Conference on},
  year = {2004},
  volume = {3},
  pages = {2457--2462},
  organization = {IEEE},
  owner = {TJ-ASUS},
  timestamp = {2011.12.01}
}

@INPROCEEDINGS{quigley2005target,
  author = {Quigley, M. and Goodrich, M.A. and Griffiths, S. and Eldredge, A.
	and Beard, R.W.},
  title = {Target acquisition, localization, and surveillance using a fixed-wing
	mini-UAV and gimbaled camera},
  booktitle = {Robotics and Automation, 2005. ICRA 2005. Proceedings of the 2005
	IEEE International Conference on},
  year = {2005},
  pages = {2600--2605},
  organization = {IEEE},
  owner = {TJ-ASUS},
  timestamp = {2011.12.01}
}

@INPROCEEDINGS{rasmussen2008enhancement,
  author = {Rasmussen, N.D. and Thornton, D.R. and Morse, B.S.},
  title = {Enhancement of unusual color in aerial video sequences for assisting
	wilderness search and rescue},
  booktitle = {Image Processing, 2008. ICIP 2008. 15th IEEE International Conference
	on},
  year = {2008},
  pages = {1356--1359},
  organization = {IEEE},
  owner = {TJ-ASUS},
  timestamp = {2011.12.01}
}

@BOOK{setnicka1980,
  title = {Wilderness Search and Rescue},
  publisher = {Apalachian Mountain Club, Boston, MA},
  year = {1980},
  author = {Tim J. Setnicka},
  owner = {TJ-ASUS},
  timestamp = {2011.12.08}
}

@INPROCEEDINGS{waharte2010supporting,
  author = {Waharte, S. and Trigoni, N.},
  title = {Supporting Search and Rescue Operations with UAVs},
  booktitle = {Emerging Security Technologies (EST), 2010 International Conference
	on},
  year = {2010},
  pages = {142--147},
  organization = {IEEE},
  owner = {TJ-ASUS},
  timestamp = {2011.12.01}
}

@INPROCEEDINGS{waharte2009coordinated,
  author = {Waharte, S. and Trigoni, N. and Julier, S.},
  title = {Coordinated search with a swarm of uavs},
  booktitle = {Sensor, Mesh and Ad Hoc Communications and Networks Workshops, 2009.
	SECON Workshops' 09. 6th Annual IEEE Communications Society Conference
	on},
  year = {2009},
  pages = {1--3},
  organization = {IEEE},
  owner = {TJ-ASUS},
  timestamp = {2011.12.01}
}

@BOOK{gonzalezwoodsDIP,
	author = {Gonzalez, R. and Woods, R.},
	title = {Digital Image Processing},
	publisher = {Prentice Hall, Upper Saddle River, NJ},
	year = {2002},
	owner = {TJ-ASUS},
	timestamp = {2012.02.03}
}

@MISC{wonderServer,
	author = {Abbott, J. and Ogden, S. and Green, J. and Roscheck, M. and Clark S.},
	title = {{WonderServer} Server {GUI} with Video Streaming, Pilot {GUI}, and Hardware Plugins.  Work in progress},
	year = {2011},
	owner = {TJ-ASUS},
	timestamp = {2012.02.03}
}

@comment{jabref-meta: selector_review:}

@comment{jabref-meta: selector_publisher:}

@comment{jabref-meta: selector_author:}

@comment{jabref-meta: selector_journal:}

@comment{jabref-meta: selector_keywords:}

